// 5G

@thesis{format01,
  author       = {Kivijakola, Juho},
  title        = {Implementation of 5G NR PUCCH formats 0 and 1 on Arm Cortex‑M4},
  school       = {University of Oulu},
  year         = {2024},
  type         = {Master’s thesis},
  url          = {https://oulurepo.oulu.fi/bitstream/handle/10024/50832/nbnfioulu-202406204797.pdf}
}
@techreport{3gpp38.211,
  author       = {3GPP},
  title        = {5G; NR; Physical channels and modulation (3GPP TS 38.211 version 17.4.0 Release 17)},
  year         = {2023},
  institution  = {3GPP}
}
@techreport{3gpp38211PRBS,
  author       = {{3GPP}},
  title        = {{NR; Physical channels and modulation}},
  institution  = {3rd Generation Partnership Project (3GPP)},
  number       = {TS 38.211 V17.5.0},
  year         = {2024},
  month        = {March},
  url          = {https://www.etsi.org/deliver/etsi_ts/138200_138299/138211/17.05.00_60/ts_138211v170500p.pdf},
  note         = {Section 5.2.1: Pseudo-random sequence generation}
}
@misc{ShareTechnote_5G_Waveform,
  author       = {ShareTechnote},
  title        = {5G/NR — Waveform},
  howpublished = {\url{https://www.sharetechnote.com/html/5G/5G_Waveform.html}},
  note         = {Truy cập ngày 25/7/2025},
}

@misc{ShareTechnote_5GNR_nume,
  author       = {ShareTechnote},
  title        = {5G/NR — Waveform},
  howpublished = {\url{https://www.sharetechnote.com/html/5G/5G_Phy_Numerology.html}},
  note         = {Truy cập ngày 25/7/2025},
}

@thesis{kivijakola2024pucch,
  author       = {Juho Kivijakola},
  title        = {Implementation of 5G NR PUCCH Formats 0 and 1 on Arm Cortex-M4},
  type         = {Diploma thesis},
  institution  = {Faculty of Information Technology and Electrical Engineering, University of Oulu},
  year         = {2024},
  month        = {May},
  note         = {Degree Programme in Electronics and Communications Engineering, 66 pages},
}












// AI Engine 
@manual{amdAM009,
  title        = {Versal Adaptive SoC AI Engine Architecture Manual},
  author       = {{AMD}},
  year         = {2023},
  note         = {AM009 v1.3, truy cập ngày 10/07/2025},
  url          = {https://0x04.net/~mwk/xidocs/am/am009-versal-ai-engine.pdf}
}
@online{ltadung_aie,
  author       = {Lê Trần Anh Dũng},
  title        = {Ghi chú AI Engine},
  year         = {2024},
  url          = {https://ltadung.notion.site/aie162004?source=copy_link},
  note         = {Truy cập ngày 16/07/2025}
}
@manual{UG1079,
    title = {AI Engine Kernel and Graph Programming Guide (UG1079)},
    author       = {{AMD}},
    year         = {2023},
    URL = {https://docs.amd.com/r/en-US/ug1079-ai-engine-kernel-coding/Matrix-Multiplication?tocId=WRfMSn4WUW5h2B8YMVqO8Q}
}
@manual{MMUL_API,
  title  = {AI Engine API: Matrix Multiply (`aie::mmul`) Documentation},
  author = {{AMD Xilinx}},
  year   = {2023},
  url    = {https://download.amd.com/docnav/aiengine/xilinx2023_1/aiengine_api/aie_api/doc/group__group__mmul.html},
  note   = {Accessed: July 2025}
}

@manual{XUP_Explained,
  title  = {Matrix Multiplication Explained – AI Engine Training},
  author = {{Xilinx University Program}},
  year   = {2023},
  url    = {https://xilinx.github.io/xup_aie_training/matmult_explained.html},
  note   = {Accessed: July 2025}
}

@manual{XUP_Lab,
  title  = {Matrix Multiplication Lab – AI Engine Training},
  author = {{Xilinx University Program}},
  year   = {2023},
  url    = {https://xilinx.github.io/xup_aie_training/matmult_lab.html},
  note   = {Accessed: July 2025}
}
